@BOOK{boycediprima2001,
  title = {Elementary differential equations and boundary value problems},
  publisher = {John Wiley \& Sons, Inc.},
  year = {2001},
  author = {William E. Boyce and Richard C. DiPrima},
  owner = {draco},
  timestamp = {2007.07.31}
}

@BOOK{Triton,
  title = {Physical Fluid Dynamics},
  publisher = {Oxford University Press},
  year = {1988},
  author = {Tritton, D.J.},
  edition = {2nd},
  address = "Oxford",
}
@book{Aris,
	title= "{Vectors, Tensors, and the basic equations of fluid mechanics}",
	author= "{Aris, R.}",
	publisher="Dover Publications",
	address="New York",
	year=1989,
}

@BOOK{Burden,
  title = {Numerical Analysis},
  publisher= {Brooks/Cole Publishing Co.},
  year=1997,
  author={Burden, R.L. \& Faires, J.D.},
  edition={6th edition}
}

@book{Batchelor,
	title= {An Introduction to Fluid Dynamics},
	publisher= {Cambridge University Press},
	year=1967,
	author={Batchelor, G.K.}
}
@BOOK{Watkins,
  title = {Fundamentals of Matrix Computations},
  publisher = {Wiley-Interscience}, 
  year = {2002},
  author = {David S. Watkins},
  edition = {2nd edition},
}

@BOOK{duchateu2002,
  title = {Applied Partial Differential Equations},
  publisher = {Dover Publications},
  year = {2002},
  author = {Paul DuChateu and David Zachmann},
  owner = {draco},
  timestamp = {2007.07.31}
}

@BOOK{djairo2005,
  title = {Análise de Fourier e Equações Diferenciais Parciais},
  publisher = {IMPA},
  year = {2005},
  author = {Djairo Guedes de Figueiredo},
  owner = {draco},
  timestamp = {2007.07.31}
}

@BOOK{iorio2005,
  title = {EDP - Um Curso de Graduação},
  publisher = {IMPA},
  year = {2005},
  author = {Valéria Iório},
  owner = {draco},
  timestamp = {2007.07.31}
}

@BOOK{avila2000,
  title = {Variáveis Complexas e aplicações},
  publisher = {LTC Editora},
  year = {2000},
  author = {Geraldo Ávila},
  owner = {draco},
  timestamp = {2007.07.31}
}

@Book{Fortuna2000,
author    = "Fortuna, A.O.",
title     = "T\'ecnicas computacionais para din\^amica de fluidos: conceitos b\'asicos e aplica\c{c}\~oes",
publisher = "EDUSP",
year      = "2000", 
address   = "S\~ao Paulo, SP, Brasil"
}

@Book{HoffmannChiang2000,
author    = "Hoffmann, K.A.; Chiang, S.T.",
title     = "Computational fluid dynamics",
publisher = "Engineering Education System",
year      = "2000",
volume    = "1",
address   = "Wichita, KS, USA"
}

@Book{John86,
author    = "John, F.",
title     = "Partial differential equations",
publisher = "Springer-Verlag",
year      = "1986"
}

@book{Stoer,
author="{Stoer, J. \& Bulirsch, R.}",
title="Introduction to numerical analysis",
publisher="Springer-Verlag",
edition="3rd",
year=2002
}

@Book{Lippincott,
author    = "{Fisher, B.; Harvey, R.P. \& Champe, P.C.}",
title     = "Lippincott's Illustrated Reviews: Microbiology (Lippincott's Illustrated Reviews Series)",
publisher = "Lippincott Williams \& Wilkins",
address   = "Hagerstwon",
year      = 2006,
}

@inbook{Peskin96,
  author =	 "{Peskin, C.S. \& McQueen, D.M.}",
  title =	 "Case Studies in Mathematical Modeling - Ecology, Physiology and Cell Biology",
  chapter =	 "Fluid Dynamics of the Heart and Its Valves",
  pages =	 "309--338",
  address =	 "Prentice Hall, New Jersey",
  publisher =	 "Othmer, H.G. et al.",
  year =	 1996
}

@article{Golub,
  author = "{Golub, G. \& Kahan, W.}",
  title = "Calculating the singular values and pseudo-inverse of a matrix",
  journal = "J. SIAM Numer. Anal. Ser B",
  year = 1965,
  volume = 2,
  numer = 2,
  pages = "205--224"
}

@article{Pitta&Berg,
  author  = "{Pitta, T.P. \& Berg, H. C.}",
  title   = "Self-electrophoresis is not the mechanism for motility in swimming cyanobacteria",
  journal =  "Journal of Bacteriology",
  year    =  1995,
  volume  =  177,
  number  =  19,
  month   = "October",
  pages   = "5701--5703"
}


@article{Waterbury,
  author  = "{Waterbury, J.B.; Willey, J.M.; Franks, D.G.; Valois, F.W \& Watson, S.W.}",
  title   = "A Cyanobacterium Capable of Swimming Motility",
  journal = "Science",
  year    =  1985,
  volume  =  230,
  pages   = "74--76"
}

@article{McCarren04,
  author  = "{McCarren, J.; Heuser, J.; Roth, R.; Yamada, N.; Martone, M. \& Brahamsha B.}",
  title   = "Inactivation of swmA Results in the Loss of an Outer Cell Layer in a Swimming Synechococcus Strain",
  journal =  "Journal of Bacteriology",
  year    =  2005,
  volume  =  187,
  number  =  1,
  month   = "January",
  pages   = "224--230"
}

@article{McCarren06,
  author  = "{McCarren, J. \& Brahamsha B.}",
  title   = "SwmB, a 1.12-Megadalton Protein That Is Required for Nonflagellar Swimming Motility in Synechococcus",
  journal =  "Journal of Bacteriology",
  year    =  2007,
  volume  =  189,
  number  =  3,
  month   = "February",
  pages   = "1158--1162"
}

@article{Samuel,
  author  = "{Samuel, A.D.T.; Petersen, J.D. \& Reese, T.S.}",
  title   = "Envelope structure of Synechococcus sp. WH8113, a nonflagellated swimming cyanobacterium",
  journal =  "BMC Microbiology",
  year    =  2001,
  volume  =  1,
  number  =  4,
  month   = "April",
}

@article{Peskin93,
  author  = "{Peskin, C.S. \& McQueen, D.M.}",
  title   = "Computational Biofluid Dynamics",
  journal =  "Contemporary Mathematics",
  year    =  1993,
  volume  =  141,
  pages   = "161--186"
}

@article{Peskin77,
  author  = "{Peskin, C.S.}",
  title   = "Numerical analysis of blood flow in the heart",
  journal =  "Journal of Computational Physics",
  year    =  1977,
  volume  =  25,
  pages   = "220--252"
}

@article{Iaccarino,
  author  = "{Mittal, R. \& Iaccarino, G.}",
  title   = "Immersed Boundary Methods",
  journal =  "Annual Review of Fluid Mechanics",
  year    =  2005,
  volume  =  37,
  pages   = "239--261"
}

@article{Ehlers,
  author  = "{Ehlers, K.M.; Samuel, A.D.T.; Berg, H.C. \& Montgomery, R.}",
  title   = "Do cyanobacteria swim using traveling surface waves?",
  journal =  "Proceedings of the National Academy of Sciences",
  year    =  1997,
  volume  =  93,
  number  =  8,
  month   = "August",
  pages   = "8340--8343"
}

@article{Whitman98,
  author  = "{Whitman, W.; Coleman, D. \& Wiebe, W.}",
  title   = "Prokaryotes: the unseen majority",
  journal =  "Proceedings of the National Academy of Sciences",
  year    =  1998,
  volume  =  95,
  number  =  12,
  month   = "August",
  pages   = "6578--6583"
}

@article{Stone,
  author  = "{Stone, H.A. \& Samuel, A.D.T.}",
  title   = "Propulsion of Microorganisms by Surface Distortions",
  journal =  "Physical Review Letters",
  year    =  1996,
  volume  =  77,
  number  =  19,
  pages   = "4102--4104"
}

@article{Fauci96,
  author  = "{Fauci, L.J.}",
  title   = "A Computational Model of the Fluid Dynamics of Undulatory and Flagellar Swimming",
  journal = "American Zoologist",
  year    = 1996,
  volume  = 36,
  pages   = "599--607"
}

@inproceedings{Fearing,
  author       = "{Fearing, R.S.}",
  title        = "Control of a microorganism as a prototype Micro-Robot",
  booktitle    = "2nd International Symposium on Micromachines and Human Sciences",
  year         = 1991,
  address      = "Nagoya, Japan",
  pages        = "1--15"
}

@article{Flam,
  author  = "{Flam, F.}",
  title   = "Swarms of Mini-Robots set to take on Mars terrain",
  journal =  "Science",
  year    =  1992,
  volume  =  257,
  month   = "September",
  pages   = "1621"
}

@article{Blake,
  author  = "{Blake, J.R.}",
  title   = "A spherical envelope approach to ciliary propulsion",
  journal =  "Journal of Fluid Mechanics",
  year    =  1971,
  volume  =  46,
  number  =  1,
  pages   = "199--208"
}

@article{DirectForcing,
	author = "Uhlmann, M.",
	title = "An immersed oundary method with direct forcing for the simulation of particulate flows",
	journal = "Journal of Computational Physics",
	year = 2005,
	volume = 209,
	issue = 2,
	pages = "448--476"
}
	
@article{Ceniceros,
	author = "{Ceniceros, H.D., Fisher, J.E. \& Roma, A.M.}",
	title = "Efficient solutions to robust, semi-implicit discretizations of the Immersed Boundary Method",
	journal = "Preprint submitted to Journal of Computational Physics",
	year = 2009,
}

@article{Tornberg04,
	author= "Tornberg, A.K. \& Shelley, M.J.",
	title="Simulating the dynamics and interactions of flexible fibers in Stokes flow",
	journal="Journal of Computational Physics",
	year=2004,
	volume=196,
	pages="8--40",
}



@article{Stockie95,
	author= "Stockie, J. \& Wetton, B.R.",
	title="Stability Analysis for the Immersed Fiber Problem",
	journal="SIAM Journal of Applied Mathematics",
	year=1995,
	volume=55,
	pages="1577--1591"
}
